<record><leader>00000cas a22000007a 4500</leader><controlfield tag="001">22399259</controlfield><controlfield tag="008">900918d19131925maudn ne      0    0eng d</controlfield><datafield ind1=" " ind2=" " tag="010"><subfield code="a">sn 89062479 </subfield></datafield><datafield ind1=" " ind2=" " tag="040"><subfield code="a">MGN</subfield><subfield code="b">eng</subfield><subfield code="c">MGN</subfield><subfield code="d">OCLCQ</subfield></datafield><datafield ind1=" " ind2=" " tag="042"><subfield code="a">msc</subfield></datafield><datafield ind1="0" ind2="0" tag="245"><subfield code="a">Quincy evening telegram.</subfield></datafield><datafield ind1=" " ind2=" " tag="260"><subfield code="a">Quincy, Mass. :</subfield><subfield code="b">W.G. Spargo</subfield></datafield><datafield ind1=" " ind2=" " tag="300"><subfield code="a">v.</subfield></datafield><datafield ind1=" " ind2=" " tag="310"><subfield code="a">Daily (except Sun. and holidays)</subfield></datafield><datafield ind1="0" ind2=" " tag="362"><subfield code="a">5th year, no. 1219 (June 7, 1913)-17th year, no. 5041 (Nov. 20, 1925).</subfield></datafield><datafield ind1=" " ind2=" " tag="500"><subfield code="a">"Quincy" in masthead ornament, June 19, 1918-Nov. 20, 1925.</subfield></datafield><datafield ind1=" " ind2=" " tag="752"><subfield code="a">United States</subfield><subfield code="b">Massachusetts</subfield><subfield code="c">Norfolk</subfield><subfield code="d">Quincy.</subfield></datafield><datafield ind1="0" ind2="0" tag="780"><subfield code="t">Quincy telegram (Quincy, Mass. : 1909)</subfield><subfield code="w">(DLC)sn 89062478</subfield></datafield><datafield ind1="0" ind2="0" tag="785"><subfield code="t">Quincy telegram (Quincy, Mass. : 1925)</subfield><subfield code="w">(DLC)sn 89062480</subfield></datafield></record>